1901 3281
614 195 786 226 LETTRE
814 195 890 234 xv,
921 182 942 236 ξ
975 193 1041 226 1-2

1502 191 1574 225 173

87 299 179 344 Hui
206 300 217 321 ¹
244 310 420 346 vereor,
445 292 564 352 quod
599 291 715 335 solet
744 290 860 341 sieri,
891 304 963 341 ne,
1001 304 1105 332 cum
1140 292 1181 331 te
1209 288 1382 338 videro,
1423 287 1578 330 omnia

81 368 342 416 obliviscar.
368 363 456 409 Sed
478 367 628 406 tamen
649 361 876 420 quodnam
899 360 955 403 ob
978 360 1125 403 scelus
1146 360 1159 381 ²
1181 359 1266 402 iter
1292 358 1403 401 mihi
1421 372 1578 400 neces-

86 440 258 485 sarium
292 441 411 481 retro
442 434 497 478 ad
534 433 672 492 Alpes
705 446 866 474 versus
893 433 907 453 ³
935 430 1122 474 incidit?
1156 430 1262 473 Ideo
1297 429 1417 488 quod
1437 429 1450 449 ⁴
1471 428 1581 471 Inti-

90 510 206 555 milii
224 512 238 533 ⁵
264 509 310 552 in
332 506 470 550 armis
498 508 619 555 sunt,
646 517 792 561 neque
827 501 880 544 de
915 516 1079 559 magna
1113 515 1264 544 causa.
1294 499 1526 543 Bellienus
1547 501 1576 549 ⁶,

85 595 230 625 verna
256 576 476 622 Demetrii
496 577 526 627 ⁷,
562 574 639 633 qui
675 572 737 616 ibi
770 587 873 615 cum
913 571 1139 630 praesidio
1174 575 1285 622 erat,
1328 569 1579 614 Domitium

90 695 220 734 ἀληθῶς
245 691 336 730 (voy.
362 689 548 724 Riemann,
573 685 674 726 Synl.
699 684 776 723 lat„
795 685 812 723 :3
850 684 959 724 hisp„
975 686 1009 714 et
1030 683 1120 714 dans
1138 683 1188 714 les
1206 683 1436 722 inci-ipimus,
1453 682 1477 713 il
1495 691 1515 722 y
1535 691 1579 714 en

94 737 164 772 174,
183 734 223 765 R.
248 732 272 770 1,
299 735 335 762 11ο
362 732 406 770 2).
433 729 611 768 Quelques
635 727 813 766 exeniples
851 734 871 755 a
895 734 942 756 un
970 725 1127 764 exemple
1146 725 1230 755 chez
1251 724 1371 761 Cesar,
1392 724 1428 753 B.
1452 722 1504 759 G„
1522 723 1578 761 Vl,

90 776 292 808 seulement
307 771 568 806 chezTercnce,
582 778 615 809 p.
626 777 692 805 ex.,
703 767 812 798 Andr.

94 819 152 849 136
171 827 178 846 ;
200 831 213 841 «ι
240 813 363 845 reiecit
383 821 420 843 se
441 813 476 843 in
496 820 576 842 eum
604 810 693 841 ssens
710 817 814 849 quam

91 856 322 897 familiariter
338 869 350 879 ι»
363 854 465 891 3chez
477 852 638 884 Cice'ron.
654 850 690 880 in
706 850 813 884 Ver-12,

92 899 148 937 III,
170 900 221 935 88,
240 898 299 928 206
327 906 334 925 :
366 910 378 921 -ι
411 895 556 926 suerunt
584 892 643 923 alii
670 891 815 930 quidem

89 940 161 973 alia
178 948 281 981 quam
296 935 406 967 malla
425 950 436 960 »ι
449 946 460 973 ;
475 935 522 965 acl
537 935 622 971 All,
634 933 705 970 Vll,
724 933 814 969 15,2;

94 996 108 1008 u
129 981 235 1013 Suam
258 979 293 1010 in
315 979 440 1009 senatu
458 984 603 1016 operam
627 973 817 1005 auetorita-

92 1026 238 1061 temque
272 1027 377 1062 qnam
415 1017 534 1058 magni
575 1015 740 1047 aestimat

91 1064 179 1101 XIV,
201 1064 232 1099 9,
253 1063 270 1092 2
290 1071 296 1090 :
320 1075 332 1086 -
352 1059 474 1098 Itaque
495 1066 599 1099 quam
620 1065 735 1088 severe
753 1064 817 1086 nos

92 1105 136 1136 M.
162 1102 308 1136 Curtius
334 1103 478 1132 accusat
509 1109 544 1131 »ι
571 1098 650 1138 puis
675 1096 817 1128 devient

93 1147 172 1187 plus
191 1145 357 1183 frequent
377 1142 460 1172 chez
477 1141 528 1171 les
549 1139 724 1171 ecrivains
742 1146 818 1178 pos-

93 1186 259 1219 terieurs.
276 1185 420 1223 D'apres
435 1181 595 1213 Schmalz
612 1180 713 1218 (Berl.
725 1177 816 1220 phil.

97 1226 231 1264 IVoclz„
260 1227 349 1263 1889,
371 1233 404 1264 p.
428 1223 589 1262 210-211).
610 1221 633 1252 il
658 1219 818 1261 pourrait

92 1278 131 1301 se
150 1268 237 1300 faire
255 1276 323 1307 que
342 1274 456 1307 quam,
475 1264 564 1295 (lans
583 1264 632 1294 les
651 1270 818 1302 passages

93 1311 194 1348 cites,
220 1309 290 1341 soit
319 1306 480 1346 employe
507 1313 592 1336 avec
628 1305 658 1335 le
697 1303 821 1344 positis

94 1360 232 1384 comme
257 1350 280 1381 il
306 1349 384 1380 l'est
409 1356 494 1378 avec
513 1347 544 1377 le
567 1344 765 1385 superlatis,
785 1347 816 1375 et

94 1402 180 1426 avec
196 1393 227 1423 le
249 1391 363 1422 meme
378 1398 512 1420 sens:
531 1396 636 1428 quam
649 1385 816 1427 plurima.

139 1437 167 1465 1.
189 1433 268 1464 Hui.
288 1429 518 1470 Interjection
537 1429 585 1459 du
606 1427 819 1467 1311838913-

95 1475 226 1512 milier,
243 1474 430 1512 frequente
448 1471 532 1502 cliez
547 1471 597 1501 les
616 1468 817 1508 comiques:

97 1517 244 1549 Ciceron
268 1513 456 1552 l'emploie,
479 1511 568 1542 mais
583 1510 672 1541 dans
694 1510 744 1541 les
762 1510 820 1540 let-

97 1561 171 1590 tres
194 1556 395 1588 seulement
419 1554 511 1592 (voy.
531 1551 687 1586 Stinner‚
712 1551 760 1581 De
782 1559 820 1580 eo

96 1608 162 1640 quo
189 1597 305 1629 Cicero
326 1596 360 1626 in
385 1593 536 1636 epistolis
556 1602 710 1624 sermone
738 1600 820 1622 usus

97 1638 407 1712 cog-pS-ezgg'lanzen
433 1675 607 1717 quodnam
640 1674 680 1705 ob
709 1672 820 1704 scelus

95 1722 199 1759 Bait„
219 1721 317 1752 Klotz
340 1722 374 1750 et
398 1719 448 1749 les
472 1717 527 1748 ed.
547 1725 644 1753 anc.;
665 1714 726 1746 sed
746 1716 819 1745 lanz

96 1773 199 1804 quam
221 1761 260 1793 ob
282 1761 333 1797 ³13
352 1759 412 1791 sed
440 1761 553 1790 lamen
580 1759 752 1799 quantum
779 1753 820 1785 ob

94 1804 246 1841 Bened.;
265 1802 325 1833 secl
345 1803 458 1832 tamen
479 1798 569 1841 quod
592 1797 631 1830 ob
648 1796 818 1841 Wesenl).

94 1863 137 1868 —
159 1861 172 1871 u
194 1844 282 1883 Quel
309 1843 420 1874 crime
442 1841 525 1880 ai-je
553 1840 646 1871 donc
671 1846 820 1869 commis

95 1895 188 1927 pour
207 1884 354 1917 meriter
376 1883 420 1915 de
447 1883 534 1914 faire
559 1890 606 1912 un
628 1887 762 1920 voyage
786 1881 821 1909 et

97 1928 141 1960 de
163 1931 352 1958 retourner
384 1932 464 1955 vers
497 1924 547 1954 les
573 1923 677 1962 Alpes
704 1920 821 1960 (Ligu-

98 1967 278 2008 riennes)?
312 1982 324 1992 ¹=
360 1965 527 1997 Wieland
557 1973 564 1993 ε
603 1978 616 1989 «ι
650 1963 820 1994 Indessen

96 2010 159 2042 bin
181 2010 249 2048 ich,
273 2007 378 2039 weiss
399 2007 480 2038 Gott
501 2005 566 2037 mit
587 2004 742 2035 welcher
757 2002 822 2034 Ue-

98 2052 236 2084 belthat
267 2049 354 2080 ich's
387 2046 616 2079 versehuldet
648 2045 751 2082 habe,
785 2043 820 2074 in

97 2093 164 2124 der
202 2089 533 2129 Nothwendigkeit.
572 2087 702 2117 vorher
742 2084 821 2117 eine

92 2134 241 2166 Reise...
259 2142 300 2163 zu
322 2131 484 2162 machen.
506 2144 518 2154 »-
545 2129 638 2160 Pour
655 2129 747 2159 cette
769 2126 821 2157 fa-

99 2184 165 2214 9011
182 2174 226 2206 de
244 2174 374 2214 parler,
394 2172 438 2203 cf.
461 2171 587 2205 Plaut.,
605 2168 716 2210 Capl„
736 2168 794 2198 762
813 2177 820 2196 :

102 2231 115 2243 ‹-
149 2215 242 2257 quod
276 2214 337 2246 hoc
365 2216 415 2244 est
448 2210 586 2243 scelus?
620 2225 632 2235 »
668 2211 712 2241 ou
743 2208 823 2240 Brix

94 2257 265 2297 explique
283 2266 291 2285 ε
317 2271 329 2281 ιι
351 2255 375 2286 i.
395 2263 424 2285 e.
449 2251 534 2295 qnid
559 2251 620 2283 hoc
641 2253 690 2282 est
710 2250 824 2290 infeli-

99 2297 246 2330 citatis?
262 2312 274 2323 -
294 2297 397 2333 Men„
418 2296 477 2326 322
497 2305 504 2324 :
529 2309 541 2319 «ι
564 2292 658 2334 quod
678 2295 710 2323 le
726 2292 825 2330 urqel

99 2339 210 2371 scelus
231 2349 265 2376 »ς
288 2338 368 2369 Ter.
393 2337 498 2375 Eun.,
517 2336 576 2366 326
595 2344 602 2364 :
628 2349 640 2360 ι
659 2333 745 2375 quid
762 2333 825 2364 hoc

98 2382 152 2413 est
169 2378 330 2412 sceleris?
354 2393 367 2404 ι»

143 2423 174 2453 3.
205 2421 258 2452 Ad
283 2419 386 2460 Alpes
412 2427 539 2450 versus.
568 2417 620 2448 Cf.
649 2415 825 2456 Sulpicius

101 2472 159 2503 ap.
174 2462 260 2500 Cic„
274 2462 327 2493 Ad
343 2462 442 2499 sam..
459 2459 515 2497 IV,
539 2459 585 2496 12,
607 2460 619 2489 1
640 2468 647 2487 :
670 2473 682 2483 κ
702 2457 737 2488 in
758 2457 826 2488 Ila-

103 2504 187 2535 liam
211 2512 327 2534 versus
349 2517 376 2532 π.
406 2501 499 2533 C’est
522 2509 604 2531 sans
628 2499 736 2530 doute
757 2507 826 2530 une

101 2548 276 2577 tournure
299 2545 348 2575 du
368 2544 519 2582 langage
546 2540 743 2581 populaire,
767 2549 828 2571 car

96 2595 149 2618 »on
173 2595 217 2617 ne
241 2586 274 2617 la
298 2588 422 2616 trouve
441 2583 540 2623 point
560 2582 644 2613 chez
664 2581 825 2619 Ciceron,

105 2627 195 2659 mais
212 2627 296 2658 chez
313 2626 465 2663 Varron,
481 2624 646 2659 Salluste‚
663 2623 755 2664 1119..
775 2623 825 2660 58,

104 2670 123 2700 4
142 2679 149 2698 :
175 2683 187 2694 κ
214 2669 334 2708 sugam
355 2668 404 2698 ad
417 2676 452 2697 se
470 2674 605 2696 vorsum
627 2664 705 2695 sieri
729 2679 758 2701 ιν,
776 2664 827 2695 les

98 2713 252 2742 auteurs
274 2709 323 2740 du
352 2707 436 2739 Bell.
461 2707 573 2748 Afric.
601 2708 637 2737 et
661 2705 709 2737 du
738 2703 824 2736 Bell.

782 1024 815 1051 »3
855 1013 1007 1051 (Ouaest.
1039 1011 1138 1048 Tull„

853 768 890 797 33
923 776 930 795 ;
969 781 980 791 ·
1013 766 1060 796 ad
1093 765 1263 796 Oceanum
1295 774 1414 796 versus
1440 780 1467 794 ··.
1491 764 1579 804 Voy.

854 807 1018 844 Koelller,
1035 808 1121 837 Acta
1142 806 1230 838 Sem.
1250 806 1411 846 Erlany„
1427 806 1450 843 1,
1471 815 1504 845 p.
1521 807 1579 836 441

854 848 934 888 (cite
957 857 1020 887 par
1044 848 1150 887 Burg,
1174 857 1207 887 p.
1230 849 1294 885 26).

895 891 924 920 4.
957 889 1048 926 Ideo,
1083 889 1186 929 quod.
1220 888 1266 919 Le
1303 887 1392 919 Med.
1430 897 1450 918 a
1481 888 1579 925 adeo,

854 939 924 970 que
964 931 1079 967 Klotz,
1106 930 1226 969 Supsse
1260 932 1293 960 et
1329 929 1580 960 Mendelssohn

855 975 1068 1003 conservent
1091 974 1126 1002 et
1150 980 1219 1010 que
1243 970 1374 1001 defend
1397 971 1581 1001 Lehmann

1168 1021 1200 1051 p.
1227 1013 1292 1051 40),
1318 1013 1338 1042 3
1366 1015 1448 1049 tort,
1482 1011 1580 1042 selon

857 1063 964 1091 nous;
989 1054 1034 1085 cs.
1065 1054 1095 1091 2,
1128 1054 1145 1083 2
1174 1063 1181 1082 :
1212 1068 1224 1078 ·‹
1250 1053 1317 1083 hoc
1341 1052 1415 1083 icleo
1441 1052 1581 1092 scripsi,

855 1095 959 1136 quod,
991 1098 1057 1126 etc.
1098 1105 1131 1129 »ς
1179 1094 1223 1124 cs.
1254 1095 1441 1134 propterea
1478 1093 1581 1130 rmod,

857 1140 891 1167 et
926 1146 1005 1176 νος.
1042 1135 1216 1172 wolsnin,
1258 1135 1397 1171 philol„
1434 1135 1582 1172 XXXIV,

857 1188 889 1217 p.
919 1179 987 1215 142,
1009 1180 1045 1208 et
1071 1176 1297 1213 Thielmann,
1326 1174 1349 1206 l.
1376 1185 1419 1213 c.,
1449 1185 1481 1215 p.
1511 1177 1582 1206 364.

856 1218 936 1250 Ideo
962 1222 1015 1250 est
1039 1227 1108 1249 une
1133 1218 1334 1249 correction
1354 1216 1399 1248 de
1420 1216 1583 1254 Lambin,

856 1261 1007 1300 adoptet?
1029 1269 1093 1299 par
1116 1259 1244 1291 Baiter.
1267 1258 1451 1292 Wesenb..
1473 1261 1540 1289 etc.

899 1304 928 1333 ὅ.
947 1300 1116 1337 Intimilii,
1133 1300 1275 1331 locatis:
1296 1315 1307 1325 ι
1325 1301 1343 1329 ii
1359 1299 1581 1335 Intimilium,

857 1352 902 1374 on
930 1346 983 1373 est
1010 1351 1053 1372 en
1082 1342 1294 1377 revolution,
1316 1350 1360 1371 on
1388 1350 1408 1371 a
1436 1340 1508 1380 pris
1533 1340 1583 1371 les

857 1393 987 1415 armes.
1020 1398 1032 1407 ,.
1065 1384 1192 1414 Autres
1217 1383 1349 1413 formes
1376 1392 1383 1411 :
1405 1381 1582 1419 Inlimelii,

858 1426 908 1456 les
928 1434 1006 1456 ane.
1029 1424 1103 1461 ἑὼ,
1127 1422 1309 1456 lntmnelii.
1334 1432 1403 1463 que
1431 1431 1582 1462 propose

857 1465 1094 1505 Wesenberg.
1109 1466 1253 1504 D'apres
1271 1465 1466 1495 Mommsen
1487 1463 1538 1503 (C.
1557 1463 1581 1495 Ι.

859 1508 910 1545 L.,
931 1508 971 1538 Y.
997 1508 1026 1543 2,
1047 1516 1079 1547 p.
1104 1508 1189 1546 900),
1211 1507 1295 1537 c'est
1318 1505 1582 1544 l'orthographe

860 1548 1016 1579 Intimilii
1037 1548 1099 1587 qui
1121 1551 1173 1579 est
1194 1548 1226 1578 la
1244 1547 1373 1578 bonne.
1391 1546 1584 1577 —lnti1ni·

859 1590 957 1627 lium,
987 1589 1096 1629 petite
1129 1589 1209 1619 ville
1237 1597 1298 1619 sur
1325 1588 1356 1619 la
1386 1589 1462 1618 cole
1497 1587 1585 1626 ligu-

860 1631 997 1666 rienne.
1015 1630 1087 1669 auj.
1111 1628 1325 1668 I’inlimiqlia
1347 1629 1584 1666 (Vintimille).

900 1674 930 1703 6.
960 1671 1146 1702 Bellienus.
1178 1671 1354 1702 Peut-etre
1388 1670 1586 1701 faudrait-Il

859 1713 971 1744 ecrire
1006 1711 1187 1748 Billienus,
1217 1711 1335 1742 donne
1365 1720 1429 1750 par
1453 1711 1497 1742 M.
1531 1709 1586 1741 ,ld

857 1755 959 1794 fam„
984 1754 1071 1790 XVI,
1090 1754 1140 1788 22,
1154 1754 1189 1789 :h
1208 1753 1354 1790 Jordan,
1374 1752 1469 1783 Sall..
1487 1753 1582 1790 Juq„

863 1797 931 1833 104,
969 1797 995 1833 1,
1032 1794 1121 1826 ecrit
1154 1793 1336 1831 Billienus,
1371 1796 1494 1824 contre
1534 1794 1584 1823 les

861 1846 951 1874 mss,
985 1839 1020 1867 et
1044 1836 1114 1867 cite
1145 1835 1302 1866 d'autres
1332 1835 1510 1873 exemples
1539 1834 1583 1865 de

859 1881 950 1909 cette
974 1877 1216 1916 orthographe
1242 1877 1332 1908 (lans
1359 1876 1409 1907 les
1435 1875 1584 1915 inscrip-

861 1919 966 1951 tions.
997 1920 1055 1956 ou,
1085 1919 1224 1958 d'apres
1260 1918 1418 1954 Hiibner,
1454 1926 1498 1947 on
1541 1925 1583 1947 ne

861 1964 985 1992 trouve
999 1959 1130 2000 jamais
1149 1958 1344 1996 Bellienus,·
1359 1959 1402 1989 cs.
1422 1957 1583 1991 Billiena,

861 2002 898 2033 C.
915 2002 940 2033 Ι.
955 2002 1007 2038 L.,
1022 2001 1109 2038 XIV,
1125 2002 1216 2038 3337,
1231 2003 1265 2030 et
1279 2000 1446 2037 Βιῑῗιιηνός
1462 1999 1585 2036 C.I.G.,

860 2043 901 2081 II,
926 2044 1038 2079 22856,
1064 2045 1099 2074 et
1120 2042 1215 2073 enfin
1241 2041 1360 2080 Lowy,
1383 2040 1588 2071 Bildhauer·

861 2084 1053 2121 inschrift„
1072 2083 1160 2114 cites
1179 2091 1243 2122 par
1260 2082 1525 2113 Mendelssohn.

903 2127 933 2156 7.
963 2126 1075 2156 Ver-na
1101 2124 1276 2155 Demetrii.
1297 2123 1348 2155 On
1371 2132 1414 2154 ne
1435 2123 1503 2153 sait
1525 2131 1587 2162 pas

861 2168 943 2207 quel
979 2170 1033 2197 est
1062 2175 1100 2197 ce
1129 2165 1344 2197 Demetrius.
1379 2164 1471 2195 C’est
1503 2172 1587 2194 sans

861 2209 970 2240 doute
990 2209 1022 2239 le
1044 2208 1158 2238 menie
1179 2207 1267 2237 dont
1285 2206 1308 2236 il
1329 2209 1381 2236 est
1405 2205 1585 2245 question,

862 2249 917 2280 Ad
940 2250 1042 2290 fam„
1068 2249 1155 2286 xx’1,
1191 2249 1237 2285 17,
1272 2249 1298 2282 1.
1326 2248 1501 2287 peut-&tre
1531 2249 1588 2277 cet

862 2290 1036 2322 ass'ranchi
1083 2290 1126 2321 de
1168 2289 1320 2328 Pompee
1361 2288 1449 2319 dont
1489 2288 1586 2327 parle

863 2333 1067 2371 Plutarque,
1111 2331 1167 2361 I'ie
1199 2330 1241 2361 de
1273 2330 1406 2370 Pomp.,
1439 2330 1490 2365 40,
1524 2328 1586 2368 qui

863 2373 950 2405 etait
982 2373 1084 2412 passe
1117 2375 1223 2403 avant
1260 2371 1292 2402 la
1325 2379 1452 2410 guerre
1487 2369 1588 2401 civile

863 2415 912 2446 du
939 2415 1015 2445 οόῐὲ
1043 2414 1086 2445 de
1113 2413 1222 2445 Cesar
1250 2415 1286 2443 et
1314 2412 1376 2452 qui
1404 2412 1483 2451 plus
1512 2411 1591 2442 tard

865 2460 924 2488 eut
949 2456 979 2486 le
1007 2454 1166 2495 cynisme
1194 2454 1375 2485 d’aeheter
1396 2455 1416 2484 3
1440 2453 1487 2483 vil
1514 2453 1594 2492 prix

864 2498 915 2529 les
936 2497 1038 2528 biens
1056 2496 1099 2527 de
1120 2505 1184 2527 son
1209 2495 1335 2527 ancien
1361 2495 1501 2526 maitre.
1519 2494 1593 2525 Bel-

866 2539 981 2570 lienus
1000 2537 1108 2569 serait
1124 2539 1144 2568 a
1163 2546 1226 2568 son
1249 2540 1330 2568 tour
1347 2545 1395 2567 un
1415 2535 1592 2567 affl-anchi

866 2580 909 2611 de
933 2589 971 2611 ce
995 2578 1215 2615 Deme—triu&
1239 2581 1271 2609 el
1301 2578 1324 2608 il
1350 2576 1593 2609 commandait

866 2630 956 2661 pour
973 2621 1004 2652 le
1026 2623 1165 2660 compte
1182 2620 1225 2651 de
1247 2619 1355 2650 Cesar
1368 2619 1401 2650 la
1422 2618 1592 2658 garnison

865 2661 1125 2694 d’lntimilium.
